@misc{APIS2023,
   author = {APIS, N.},
   title = {What is an API gateway?},
   year = {2023},
   note = {Disponível em: \url{https://nordicapis.com/what-is-an-api-gateway/}}
}

@misc{AWS2023,
   author = {AWS},
   title = {Amazon API Gateway},
   year = {2023},
   note = {Disponível em: \url{https://aws.amazon.com/api-gateway/}}
}

@misc{BLOG2015,
   author = {BLOG, N. T.},
   title = {Netflix’s viewing data: How we know where you are in House of Cards},
   year = {2015}
}

@article{Boettiger2015,
   author = {Boettiger, C.},
   title = {An introduction to Docker for reproducible research},
   journal = {ACM SIGOPS Operating Systems Review},
   volume = {49},
   number = {1},
   pages = {71--79},
   year = {2015}
}

@book{Boner2019,
   author = {Bonér, J. and Farley, D. and Kuhn, R. and Thompson, M. and Vinoski, S.},
   title = {Reactive Messaging Patterns with the Actor Model: Applications and Integration in Scala and Akka},
   publisher = {Addison-Wesley Professional},
   year = {2019}
}

@misc{Brown2020,
   author = {Brown, S.},
   title = {The C4 model for visualising software architecture},
   year = {2020},
   note = {Originalmente publicado em: 25 fev. 2010. Acesso em: 22 ago. 2020. Disponível em: \url{https://c4model.com}}
}

@book{Chacon2014,
   author = {Chacon, S. and Straub, B.},
   title = {Pro Git},
   publisher = {Apress},
   year = {2014}
}

@book{Chacon2016,
   author = {Chacon, S. and Straub, B.},
   title = {GitHub: Version Control and Collaboration},
   publisher = {O'Reilly Media},
   year = {2016}
}

@inproceedings{Dabbish2012,
   author = {Dabbish, L. and Stuart, C. and Tsay, J. and Herbsleb, J.},
   title = {Social coding in GitHub: Transparency and collaboration in an open software repository},
   booktitle = {Proceedings of the ACM 2012 Conference on Computer Supported Cooperative Work (CSCW 2012)},
   year = {2012}
}

@incollection{Dragoni2017,
   author = {Dragoni, N. and Giallorenzo, S. and Lafuente, A. L. and Mazzara, M. and Montesi, F. and Mustafin, R. and Safina, L.},
   title = {Microservices: Yesterday, today, and tomorrow},
   booktitle = {Present and Ulterior Software Engineering},
   publisher = {Springer},
   pages = {195--216},
   year = {2017}
}

@book{Farinha2018,
   author = {Farinha, M. and Santos, J. and Silva, A.},
   title = {TypeScript: Desenvolvimento Ágil com JavaScript},
   publisher = {Novatec Editora},
   year = {2018}
}

@book{Garg2021,
   author = {Garg, N. and Sharma, R. and Chhabra, N.},
   title = {Mastering Apache Kafka},
   publisher = {Packt Publishing},
   year = {2021}
}

@misc{Gregoire2021,
   author = {Grégoire, M.},
   title = {Supabase: The Open Source Firebase Alternative},
   year = {2021},
   note = {Acesso em: 22 out. 2023. Disponível em: \url{https://supabase.io/blog/supabase-the-open-source-firebase-alternative}}
}

@book{Johnson2020,
   author = {Johnson, K.},
   title = {TypeScript Essentials},
   publisher = {Packt Publishing},
   year = {2020}
}

@book{Kleppmann2017,
   author = {Kleppmann, M.},
   title = {Designing Data-Intensive Applications},
   address = {Sebastopol, CA},
   publisher = {O'Reilly Media},
   year = {2017}
}

@misc{Kong2023,
   author = {KONG},
   title = {What is an API Gateway?},
   year = {2023},
   note = {Disponível em: \url{https://konghq.com/what-is-an-api-gateway/}}
}

@book{Kreps2014,
   author = {Kreps, J.},
   title = {I Heart Logs: Event Data, Stream Processing, and Data Integration},
   publisher = {O'Reilly Media},
   year = {2014}
}

@book{Larman2004,
   author = {Larman, C.},
   title = {Applying UML and Patterns: An Introduction to Object-Oriented Analysis and Design and Iterative Development},
   edition = {3rd},
   publisher = {Prentice Hall},
   year = {2004}
}

@book{LewisFowler,
   author = {Lewis, J. and Fowler, M.},
   title = {Microservices: A Definition of This New Architectural Term},
   year = {n.d.}
}

@book{Loeliger2012,
   author = {Loeliger, J.},
   title = {Version Control with Git},
   publisher = {O'Reilly Media},
   year = {2012}
}

@book{Martin2017,
   author = {Martin, R. C.},
   title = {Arquitetura Limpa: O guia do artesão para estrutura e design de software},
   publisher = {Alta Books},
   year = {2017}
}

@book{Matsumoto2017,
   author = {Matsumoto, Y.},
   title = {Docker Cookbook},
   publisher = {O'Reilly Media},
   year = {2017}
}

@misc{Microsoft2023,
   author = {Microsoft},
   title = {Estilo de arquitetura de microsserviço},
   year = {2023},
   note = {Acesso em: 16 maio 2023. Disponível em: \url{https://learn.microsoft.com/pt-br/azure/architecture/guide/architecture-styles/microservices}}
}

@misc{Miller2022,
   author = {Miller, A.},
   title = {Supabase: An Introduction to Building with Supabase},
   year = {2022},
   note = {Acesso em: 22 out. 2023. Disponível em: \url{https://supabase.io/docs/guides/getting-started}}
}

@book{Momjian2001,
   author = {Momjian, B.},
   title = {PostgreSQL: Introduction and Concepts},
   publisher = {Addison-Wesley},
   year = {2001}
}

@misc{Mota2022,
   author = {Mota, A.},
   title = {O que é mensageria e o que eu ganho com isso?},
   year = {2022},
   note = {Acesso em: 18 maio 2023. Disponível em: \url{https://br.sensedia.com/post/what-is-messaging}}
}

@book{Muller2018,
   author = {Müller, A.},
   title = {Docker in Practice},
   publisher = {Manning Publications},
   year = {2018}
}

@book{Narkhede2018,
   author = {Narkhede, N. and Shapira, G. and Palino, T.},
   title = {Kafka: The Definitive Guide},
   publisher = {O'Reilly Media},
   year = {2018}
}

@book{Newman2015,
   author = {Newman, S.},
   title = {Building Microservices: Designing Fine-Grained Systems},
   publisher = {O'Reilly Media},
   year = {2015}
}

@book{OBrien2016,
   author = {O'Brien, K. D.},
   title = {PostgreSQL: Up and Running},
   publisher = {O'Reilly Media},
   year = {2016}
}

@book{Oliveira2017,
   author = {Oliveira, R.},
   title = {Angular Development with TypeScript},
   publisher = {Packt Publishing},
   year = {2017}
}

@misc{ONeill2022,
   author = {O'Neill, B.},
   title = {Securing Your Supabase Application},
   year = {2022},
   note = {Acesso em: 22 out. 2023. Disponível em: \url{https://supabase.io/docs/guides/auth#security}}
}

@book{OReilly2018,
   author = {O'Reilly, S.},
   title = {Microservice Architecture: Aligning Principles, Practices, and Culture},
   publisher = {O'Reilly Media},
   year = {2018}
}

@book{Popa2016,
   author = {Popa, S. and Koczan, L. and Soha, R.},
   title = {PostgreSQL Administration Essentials},
   publisher = {Packt Publishing},
   year = {2016}
}

@book{Thakkar2019,
   author = {Thakkar, A. and Kumar, A.},
   title = {Docker on Windows},
   publisher = {Apress},
   year = {2019}
}

@misc{Targett2023,
   author = {Targett, E.},
   title = {Amazon prime video team throws aws serverless under a bus},
   year = {2023},
   note = {Acesso em: 14 maio 2023. Disponível em: \url{https://thestack.technology/amazon-prime-video-microservices-monolith/}}
}

@misc{Santana2021,
   author = {Santana, O.},
   title = {C4-model: por que documentar a arquitetura dos seus projetos?},
   year = {2021},
   note = {Acesso em: 18 maio 2023. Disponível em: \url{https://www.zup.com.br/blog/c4-model#os-niveis-do-c4-model}}
}

@book{Tavares2020,
   author = {Tavares, P.},
   title = {Nest.js - Construindo Aplicações Web Corporativas com Node.js},
   year = {2020},
   publisher = {Casa do Código},
   address = {[S.l.]}
}

@book{Silva2018,
   author = {Silva, A. and Santos, J. and Oliveira, R.},
   title = {Desenvolvimento web com Node.js},
   year = {2018},
   publisher = {Novatec Editora},
   address = {[S.l.]}
}

@article{stonebraker1986design,
   title={The design of postgres},
   author={Stonebraker, Michael and Rowe, Lawrence A.},
   journal={ACM SIGMOD Record},
   volume={15},
   number={2},
   pages={340--355},
   year={1986},
   publisher={ACM New York, NY, USA}
}

@article{stonebraker2010architecture,
   title={The architecture of postgresql},
   author={Stonebraker, Michael and others},
   journal={Communications of the ACM},
   volume={53},
   number={11},
   pages={80--86},
   year={2010},
   publisher={ACM New York, NY, USA}
}

@article{pavlo2012comparison,
   title={A comparison of approaches to large-scale data analysis},
   author={Pavlo, Andrew and others},
   journal={ACM Transactions on Database Systems},
   volume={37},
   number={4},
   pages={1--31},
   year={2012},
   publisher={ACM New York, NY, USA}
}

@book{sharma2017apache,
   title={Apache Kafka Cookbook},
   author={Sharma, Neha},
   year={2017},
   publisher={Packt Publishing},
   address={{[S.l.]}}
}

@book{Smith2019,
   author = {Smith, T.},
   title = {TypeScript in Action},
   year = {2019},
   publisher = {Manning Publications},
   address = {[S.l.]}
}

@book{turner2019docker,
   title={Docker for Developers},
   author={Turner, Allan},
   year={2019},
   publisher={Apress},
   address={{[S.l.]}}
}

@book{rumbaugh2004unified,
   title={The Unified Modeling Language Reference Manual},
   edition={2nd},
   author={Rumbaugh, James and Jacobson, Ivar and Booch, Grady},
   year={2004},
   publisher={Addison-Wesley},
   address={{[S.l.]}}
}

@misc{supabase2023documentation,
   title={Documentation},
   author={{Supabase}},
   year={2023},
   note={Acesso em: 22 out. 2023. Disponível em: \url{https://supabase.io/docs}}
}

@misc{w3c2023webapi,
   title={Web API Architecture},
   author={{W3C}},
   year={2023},
   note={Disponível em: \url{https://www.w3.org/TR/webapi-architecture/}}
}

